@Article{altenkirch:2002:α_conver_is_easy,
  author       = {Thorsten Altenkirch},
  title        = {α-conversion is easy},
  year         = 2002,
  url          = {http://www.cs.nott.ac.uk/~psztxa/publ/alpha-draft.pdf}
}

@Book{artin:1972:théor_des_topos_et_cohom,
  author       = {Artin, M. and Grothendieck, A. and Verdier, J. L.},
  title        = {Théorie des topos et cohomologie étale des schémas.  {Tome} 1: {Théorie} des topos},
  subtitle     = {Séminaire de Géométrie Algébrique du Bois-Marie 1963–1964 (SGA 4).  Avec la collaboration de N. Bourbaki, P. Deligne et B. Saint-Donat},
  series       = {Lecture Notes in Mathematics},
  volume       = 269,
  publisher    = {Springer-Verlag},
  year         = 1972
}

@Book{bergman:2015:invit_to_gener_algeb_and_univer_const,
  author       = {Bergman, George M.},
  title        = {An invitation to general algebra and universal constructions},
  edition      = 2,
  series       = {Universitext},
  publisher    = {Springer-Verlag},
  year         = 2015,
  doi          = {10.1007/978-3-319-11478-1}
}

@Book{borovik:2010:mathem_under_the_micros,
  author       = {Borovik, Alexandre V.},
  title        = {Mathematics under the microscope},
  subtitle     = {Notes on cognitive aspects of mathematical practice},
  publisher    = {American Mathematical Society},
  year         = 2010
}

@Article{bourbaki:univer,
  author       = {Bourbaki, N.},
  title        = {Univers},
  xref         = {artin:1972:théor_des_topos_et_cohom},
  pages        = {185--217}
}

@Book{broglia:1996:lectur_in_real_geomet,
  editor       = {Broglia, F.},
  title        = {Lectures in real geometry},
  series       = {De Gruyter Expositions in Mathematics},
  volume       = 23,
  publisher    = {Walter de Gruyter},
  year         = 1996
}

@Book{dwyer:2004:homot_limit_funct_on_model,
  author       = {Dwyer, William G. and Hirschhorn, Philip S. and Kan, Daniel M.  and Smith, Jeffrey H.},
  title        = {Homotopy limit functors on model categories and homotopical categories},
  series       = {Mathematical Surveys and Monographs},
  volume       = 113,
  publisher    = {American Mathematical Society},
  year         = 2004
}

@Article{farmer:2008:seven_virtues_of_simpl_type_theor,
  author       = {Farmer, William M.},
  title        = {The seven virtues of simple type theory},
  xdata        = {j:j_appl_log},
  volume       = 6,
  year         = 2008,
  pages        = {267--286},
  doi          = {10.1016/j.jal.2007.11.001}
}

@XData{j:j_appl_log,
  journaltitle = {Journal of Applied Logic},
  shortjournal = {J. Appl. Log.}
}

@Book{kesner:2016:inter_confer_on_formal_struc,
  editor       = {Kesner, Delia and Pientka, Brigitte},
  title        = {1st International Conference on Formal Structures for Computation and Deduction ({FSCD}~2016)},
  series       = {LIPIcs},
  volume       = 52,
  publisher    = {Schloss Dagstuhl — Leibniz-Zentrum fuer Informatik},
  year         = 2016,
  doi          = {10.4230/LIPIcs.FSCD.2016.0},
  url          = {http://www.dagstuhl.de/dagpub/978-3-95977-010-1}
}
