@ARTICLE{altenkirch:2002:α_conver_is_easy,
  AUTHOR = {Altenkirch, Thorsten},
  URL = {http://www.cs.nott.ac.uk/~psztxa/publ/alpha-draft.pdf},
  DATE = {2002},
  TITLE = {α-conversion is easy},
}

@BOOK{artin:1972:théor_des_topos_et_cohom,
  AUTHOR = {Artin, M. and Grothendieck, A. and Verdier, J. L.},
  PUBLISHER = {Springer-Verlag},
  DATE = {1972},
  SERIES = {Lecture Notes in Mathematics},
  SUBTITLE = {Séminaire de Géométrie Algébrique du Bois-Marie 1963–1964 (SGA 4). Avec la collaboration de N. Bourbaki, P. Deligne et B. Saint-Donat},
  TITLE = {Théorie des topos et cohomologie étale des schémas. {Tome} 1: {Théorie} des topos},
  VOLUME = {269},
}

@BOOK{borovik:2010:mathem_under_the_micros,
  AUTHOR = {Borovik, Alexandre V.},
  PUBLISHER = {American Mathematical Society},
  DATE = {2010},
  SUBTITLE = {Notes on cognitive aspects of mathematical practice},
  TITLE = {Mathematics under the microscope},
}

@ARTICLE{bourbaki:univer,
  AUTHOR = {Bourbaki, N.},
  PAGES = {185--217},
  TITLE = {Univers},
  XREF = {artin:1972:théor_des_topos_et_cohom},
}

@BOOK{dwyer:2004:homot_limit_funct_on_model,
  AUTHOR = {Dwyer, William G. and Hirschhorn, Philip S. and Kan, Daniel M. and Smith, Jeffrey H.},
  PUBLISHER = {American Mathematical Society},
  DATE = {2004},
  SERIES = {Mathematical Surveys and Monographs},
  TITLE = {Homotopy limit functors on model categories and homotopical categories},
  VOLUME = {113},
}

@ARTICLE{farmer:2008:seven_virtues_of_simpl_type_theor,
  AUTHOR = {Farmer, William M.},
  DATE = {2008},
  DOI = {10.1016/j.jal.2007.11.001},
  PAGES = {267--286},
  TITLE = {The seven virtues of simple type theory},
  VOLUME = {6},
}

